% Encoding: windows-1252


@Article{bioucas13,
  Title                    = {Hyperspectral Remote Sensing Data Analysis and Future Challenges},
  Author                   = {Jose M. Biouscas-dias and Antonio Plaza and Gustavo Camps-Valls and Paul Scheunders and Nasser M. Nasrabadi and Jocelyn Chanussot},
  Journal                  = {Geoscience and remote sensing magazine},
  Year                     = {2013},

  Month                    = {June},
  Pages                    = {6-36},

  Owner                    = {Thorvald},
  Timestamp                = {2016.09.14}
}

@Article{dias12,
  Title                    = {HyperspeHyper Unmixing Overview: Geometrical, Statistical and Sparse Regression Based Approaches.},
  Author                   = {Jose M. Biouscas-dias and Antonio Plaza and Nicolas Dobigeon and Mario Parente and Qian Du and Pual Grader and Jocelyn Chanussot},
  Journal                  = {Journal of selected topics in applied earth opservation and remote sensing},
  Year                     = {2012},

  Month                    = {April},
  Number                   = {2},
  Pages                    = {354-376},
  Volume                   = {5},

  Owner                    = {Thorvald},
  Timestamp                = {2016.09.14}
}

@Article{mlinmix,
  Title                    = {A multilinear mixing model for nonlinear spectral
unmixing},
  Author                   = {Rob Heylen and Paul Scheunders},

  Owner                    = {Thorvald},
  Timestamp                = {2016.09.14}
}

@Article{mesma,
  author    = {Rob Heylen and Alina Zare and Paul Gader and Paul Scheunders},
  title     = {Hyperspectral unmixing with endmember variability via alternating angle minimization},
  owner     = {Thorvald},
  timestamp = {2016.09.14},
}


@book{MATLAB,
year = {2015},
author = {MATLAB},
title = {version 8.5.0 (R2015a)},
publisher = {The MathWorks Inc.},
address = {Natick, Massachusetts}
}

@Article{Alina,
  author  = {Xiaoxiao Du and Alina Zare and Paul Gader and Dmitri Dranishnikov},
  title   = {Spatial and Spectral Unmixing Using the Beta Compositional Model},
  journal = {Journal of selected topics in applied earth opservation and remote sensing},
  year    = {2014},
  volume  = {7},
  number  = {6},
  pages   = {1994-2003},
  month   = {June},
}

@Comment{jabref-meta: databaseType:bibtex;}
